<record><leader>00000cas a22000007a 4500</leader><controlfield tag="001">18026398</controlfield><controlfield tag="008">880601d18931927iauwr ne      0    0eng d</controlfield><datafield ind1=" " ind2=" " tag="010"><subfield code="a">sn 88059599 </subfield></datafield><datafield ind1=" " ind2=" " tag="040"><subfield code="a">INP</subfield><subfield code="b">eng</subfield><subfield code="c">INP</subfield><subfield code="d">OCLCQ</subfield></datafield><datafield ind1=" " ind2=" " tag="042"><subfield code="a">msc</subfield></datafield><datafield ind1="0" ind2=" " tag="130"><subfield code="a">Dows advocate (Dows, Iowa : 1893)</subfield></datafield><datafield ind1="1" ind2="4" tag="245"><subfield code="a">The Dows advocate.</subfield></datafield><datafield ind1=" " ind2=" " tag="260"><subfield code="a">Dows, Wright County, Iowa :</subfield><subfield code="b">H.J. Haydon,</subfield><subfield code="c">1893-1927.</subfield></datafield><datafield ind1=" " ind2=" " tag="300"><subfield code="a">v.</subfield></datafield><datafield ind1=" " ind2=" " tag="310"><subfield code="a">Weekly</subfield></datafield><datafield ind1="0" ind2=" " tag="362"><subfield code="a">Vol. 1, no. 1 (June 2, 1893)-v. 49, no. 22 (Sept. 22, 1927).</subfield></datafield><datafield ind1=" " ind2=" " tag="500"><subfield code="a">Publisher varies.</subfield></datafield><datafield ind1=" " ind2=" " tag="515"><subfield code="a">Vol. 8, no. 49-v. 21, no. 50 omitted in numbering.</subfield></datafield><datafield ind1=" " ind2=" " tag="752"><subfield code="a">United States</subfield><subfield code="b">Iowa</subfield><subfield code="c">Wright</subfield><subfield code="d">Dows.</subfield></datafield><datafield ind1="0" ind2="0" tag="785"><subfield code="t">Wright County reporter</subfield><subfield code="w">(DLC)sn 88059600</subfield></datafield></record>